@misc{enunciado,
	title = {Enunciado Laboratorio 1},
	year = {2019},
	howpublished = {[Online] \url{http://www.udesantiagovirtual.cl/moodle2/pluginfile.php?file=%2F250970%2Fmod_resource%2Fcontent%2F1%2FLaboratorio%201%20Enunciado.pdf}}
}